=LDR  01892 em a2200505uu 4500
=001  016553182
=003  Uk
=005  20131128011307.0
=007  cr\mn\024mpada
=007  a|||||||
=008  860703s1915\\\\ua\||||||\u\\||s|\||eng\\
=FMT  \\$a  MP
=019  4\$am800018923
=035  \\$a(Uk)mlc0017175
=040  \\$aUk$cUk
=052  7\$a912.4961$2ddc
=110  1\$aGreat Britain.$bArmy.$bMiddle East Force.$bGeneral Headquarters.
=245  13$a[A collection of military maps of the Gallipoli Peninsula] /$c[G.H.Q. M.E.F.].
=255  \\$aScales differ.
=260  \\$a[Cairo] :$bG.H.Q. M.E.F.,$c1915.
=300  \\$a50 maps :$bsome col. ;$c47 x 59 cm. or smaller.
=336  \\$acartographic image$2rdacontent
=337  \\$acomputer$2rdamedia
=338  \\$aonline$2rdacarrier
=650  \0$aWorld War, 1914-1918$xCampaigns$zBalkan Peninsula.
=651  \7$aGallipoli Peninsula.$xMilitary art and science -$vmaps$y1915.$2blmlsh
=655  \4$aMap
=852  4\$cDRT$jDigital Store Maps 43336.(21.)$aBritish Library$bMAPS
=957  \\$aNDd
=985  \\$aCorrected by BSS-generated file
=985  \\$aCorrected by MS generated file for WR# 12.037
=CAT  \\$aBATCH-DCW$b00$c20131128$lBLL01$h0113
=CAT  \\$aWR14_014$c20140224$lBLL01$h0839
=CAT  \\$aWR14.046$c20140417$lBLL01$h1725
=CAT  \\$aWR13.144/5$c20140418$lBLL01$h1049
=CAT  \\$aW1609-1727$c20160919$lBLL01$h1231
=CAT  \\$aBATCH-RIGH$c20170607$lBLL01$h1816
=CAT  \\$aR1706-1834$c20170629$lBLL01$h1227
=FIN  \\$aY$d20131128
=LKR  \\$aPAR$lBLL01$r776$b005003040$m[A collection of military maps of the Gallipoli Peninsula] /$n[A collection of military maps of the Gallipoli Peninsula] /
=DGM  \\$a005003040$bCatBridge variable field
=DRT  \\$aWW1
=SRC  \\$aWW1$bEuropeana_Collections_1914-1918_20131023_1
=OHC  \\$a1
=LAS  \\$aR1706-1834$b00$c20170629$lBLL01$h1227

