=LDR  02081cem a22005053u 4500
=001  016553221
=003  Uk
=005  20221208094418.0
=007  cr\mn\024mpada
=007  a|||||||
=008  940115s1916\\\\enk||||||\a\\||\|\||eng\\
=FMT  \\$a  MP
=019  4\$am150943067
=034  1\$aa$b5000$dE0025122$eE0025427$fN0504635$gN0504439$2bound
=040  \\$aUk$cUk
=052  7\$a912.493$2ddc
=245  00$aDetail of wire, etc., in No Man's Land [south of Ypres]. Sheet 28.
=255  \\$aScale 1:5,000$c(E 2°51'22"--E 2°54'27"/N 50°46'35"--N 50°44'39").
=264  \1$a[London] :$b[Geographical Section, General Staff],$c1916.
=300  \\$a2 sheets ;$c360 x 910 mm.
=336  \\$acartographic image$2rdacontent
=337  \\$acomputer$2rdamedia
=338  \\$aonline$2rdacarrier
=650  \0$aWorld War, 1914-1918$xCampaigns$zWestern Front.
=651  \7$aYPRES, Belgium (Environs).$xMilitary art and science -$vMaps and charts$y1916.$2blmlsh
=655  \4$aMap
=776  0\$tDetail of wire, etc., in No Man's Land [south of Ypres]. Sheet 28.$w(Uk)004966989
=852  4\$aBritish Library$bMAPS$cDRT$jDigital Store Maps C.14.b.18.
=985  \\$aCorrected by MS generated file for WR# 12.037
=985  \\$aEnhanced by MS generated file for WR# 13/021
=985  \\$aEnhanced by MS generated file for WR# 13/054
=985  \\$aUpgraded from BL georeferencer data 2022-12-06.
=CAT  \\$aBATCH-DCW$b00$c20131128$lBLL01$h0143
=CAT  \\$aWR14_014$c20140224$lBLL01$h0839
=CAT  \\$aWR14.046$c20140417$lBLL01$h1725
=CAT  \\$aWR13.144/5$c20140418$lBLL01$h1049
=CAT  \\$aW1609-1727$c20160919$lBLL01$h1231
=CAT  \\$a14185$b40$c20221208$lBLL01$h0944
=FIN  \\$aY$d20131128
=LKR  \\$aPAR$lBLL01$r776$b004966989$mDetail of wire, etc., in No Man's Land [south of Ypres]. Sheet 28.$nDetail of wire, etc., in No Man's Land [south of Ypres]. Sheet 28.
=DGM  \\$a004966989$bCatBridge variable field
=DRT  \\$aWW1
=SRC  \\$aWW1$bEuropeana_Collections_1914-1918_20131113_1
=OHC  \\$a1
=LAS  \\$a14185$b40$c20221208$lBLL01$h0944

