=LDR  01975cem a22005173u 4500
=001  016553231
=003  Uk
=005  20221206175405.0
=007  cr\mn\024mpada
=007  a|||||||
=008  940101s1917\\\\enk||||||\u\\||\|\||eng\\
=FMT  \\$a  MP
=019  4\$am010758119
=034  1\$aa$b40000$dE0024403$eE0003848$fN0502854$gN0050601$2bound
=040  \\$aUk$cUk
=052  7\$a912.44$2ddc
=245  00$aBattle of Arras :$bmap showing British advance on the Arras front.
=255  \\$aScale 1:40,000$c(E 2°44'03"--E 3°8'48"/N 50°28'54"--N 50°6'01").
=260  \\$a[London] :$b[Geographical Section, General Staff],$c1917.
=300  \\$a1 map ;$c710 x 890 mm.
=336  \\$acartographic image$2rdacontent
=337  \\$acomputer$2rdamedia
=338  \\$aonline$2rdacarrier
=650  \0$aWorld War, 1914-1918$xBattlefields.
=650  \0$aWorld War, 1914-1918$xCampaigns$zWestern Front.
=651  \7$aARRAS, Pas-de-Calais, France (Environs).$xMilitary art and science -$vMaps and charts$y1917.$2blmlsh
=655  \4$aMap
=776  0\$tBattle of Arras$w(Uk)004793961
=852  4\$aBritish Library$bMAPS$cDRT$jDigital Store Maps C.14.f.32.
=985  \\$aCorrected by MS generated file for WR# 12.037
=985  \\$aEnhanced by MS generated file for WR# 13/021
=985  \\$aEnhanced by MS generated file for WR# 13/054
=CAT  \\$aBATCH-DCW$b00$c20131128$lBLL01$h0159
=CAT  \\$aWR14_014$c20140224$lBLL01$h0839
=CAT  \\$aWR14.046$c20140417$lBLL01$h1725
=CAT  \\$aWR13.144/5$c20140418$lBLL01$h1049
=CAT  \\$aW1609-1727$c20160919$lBLL01$h1231
=CAT  \\$a14185$b40$c20221206$lBLL01$h1753
=CAT  \\$a14185$b40$c20221206$lBLL01$h1754
=FIN  \\$aY$d20131128
=LKR  \\$aPAR$lBLL01$r776$b004793961$mBattle of Arras$nBattle of Arras
=DGM  \\$a004793961$bCatBridge variable field
=DRT  \\$aWW1
=SRC  \\$aWW1$bEuropeana_Collections_1914-1918_20131114_1
=OHC  \\$a1
=LAS  \\$a14185$b40$c20221206$lBLL01$h1754

