=LDR  02050cem a22005413u 4500
=001  016553251
=003  Uk
=005  20221207074454.0
=007  cr\mn\024mpada
=007  a|||||||
=008  940113s1916\\\\enk||||||\u\\||\|\||eng\\
=FMT  \\$a  MP
=019  4\$am130549134
=034  1\$aa$b40000$dE0023730$eE0003535$fN0050948$gN0495443$2bound
=040  \\$aUk$cUk
=052  7\$a912.44$2ddc
=245  00$aMap of the Somme area.
=255  \\$aScale 1:40,000$c(E 2°37'30"--E 3°5'35"/N 50°9'48"--N 49°54'43").
=260  \\$a[London] :$bGeographical Section, General Staff,$cDecember 1916.
=300  \\$c820 x 680 mm.
=336  \\$acartographic image$2rdacontent
=337  \\$acomputer$2rdamedia
=338  \\$aonline$2rdacarrier
=650  \0$aWorld War, 1914-1918$xBattlefields.
=650  \0$aWorld War, 1914-1918$xCampaigns$zWestern Front.
=651  \7$aSOMME, France (Battlefield).$xMilitary art and science -$vMaps and charts$y1916.$2blmlsh
=655  \4$aMap
=776  0\$tMap of the Somme area$w(Uk)004934544
=852  4\$cDRT$jDigital Store Maps 17535.(2.)$aBritish Library$bMAPS
=985  \\$aCorrected by MS generated file for WR# 12.037
=985  \\$aEnhanced by MS generated file for WR# 13/021
=985  \\$aEnhanced by MS generated file for WR# 13/054
=985  \\$aUpgraded from BL georeferencer data 2022-12-06.
=CAT  \\$aBATCH-DCW$b00$c20131128$lBLL01$h0159
=CAT  \\$aWR14.046$c20140417$lBLL01$h1725
=CAT  \\$aWR13.144/5$c20140418$lBLL01$h1049
=CAT  \\$aWR16_018$c20160211$lBLL01$h0930
=CAT  \\$aW1609-1727$c20160919$lBLL01$h1231
=CAT  \\$a14185$b40$c20221207$lBLL01$h0742
=CAT  \\$a14185$b40$c20221207$lBLL01$h0742
=CAT  \\$a14185$b40$c20221207$lBLL01$h0744
=FIN  \\$aY$d20131128
=LKR  \\$aPAR$lBLL01$r776$b004934544$mMap of the Somme area.$nMap of the Somme area.
=DGM  \\$a004934544$bCatBridge variable field
=DRT  \\$aWW1
=SRC  \\$aWW1$bEuropeana_Collections_1914-1918_20131114_1
=OHC  \\$a3
=LAS  \\$a14185$b40$c20221207$lBLL01$h0744

